<?xml version="1.0" encoding="UTF-8"?>
  <record xmlns="http://www.loc.gov/MARC21/slim" type="Authority">
    <leader>00000nz  a2200000nc 4500</leader>
    <controlfield tag="001">12048000X</controlfield>
    <controlfield tag="003">DE-101</controlfield>
    <controlfield tag="005">20100914111115.0</controlfield>
    <controlfield tag="008">980909n||aznnnaabn           | aaa    |c</controlfield>
    <datafield tag="024" ind1="7" ind2=" ">
      <subfield code="a">12048000X</subfield>
      <subfield code="0">http://d-nb.info/gnd/12048000X</subfield>
      <subfield code="2">gnd</subfield>
    </datafield>
    <datafield tag="035" ind1=" " ind2=" ">
      <subfield code="a">(DE-101)12048000X</subfield>
    </datafield>
    <datafield tag="035" ind1=" " ind2=" ">
      <subfield code="a">(DE-588)12048000X</subfield>
    </datafield>
    <datafield tag="035" ind1=" " ind2=" ">
      <subfield code="z">(DE-588a)12048000X</subfield>
      <subfield code="9">v:zg</subfield>
    </datafield>
    <datafield tag="040" ind1=" " ind2=" ">
      <subfield code="a">DE-12</subfield>
      <subfield code="c">DE-12</subfield>
      <subfield code="9">r:DE-12</subfield>
      <subfield code="b">ger</subfield>
      <subfield code="d">0035</subfield>
    </datafield>
    <datafield tag="042" ind1=" " ind2=" ">
      <subfield code="a">gnd1</subfield>
    </datafield>
    <datafield tag="075" ind1=" " ind2=" ">
      <subfield code="b">p</subfield>
      <subfield code="2">gndgen</subfield>
    </datafield>
    <datafield tag="075" ind1=" " ind2=" ">
      <subfield code="b">piz</subfield>
      <subfield code="2">gndspec</subfield>
    </datafield>
    <datafield tag="079" ind1=" " ind2=" ">
      <subfield code="a">g</subfield>
      <subfield code="q">a</subfield>
      <subfield code="q">f</subfield>
    </datafield>
    <datafield tag="100" ind1="1" ind2=" ">
      <subfield code="a">Wolffersdorff, Sigmund &#152;von&#156;</subfield>
      <subfield code="d">1588-1651</subfield>
    </datafield>
    <datafield tag="400" ind1="1" ind2=" ">
      <subfield code="a">Wolffersdorf, Sigmund &#152;von&#156;</subfield>
      <subfield code="d">1588-1651</subfield>
    </datafield>
    <datafield tag="400" ind1="1" ind2=" ">
      <subfield code="a">Wolfersdorff, Sigmund &#152;von&#156;</subfield>
      <subfield code="d">1588-1651</subfield>
    </datafield>
    <datafield tag="400" ind1="1" ind2=" ">
      <subfield code="a">Wolfersdorf, Sigmund &#152;von&#156;</subfield>
      <subfield code="d">1588-1651</subfield>
    </datafield>
    <datafield tag="400" ind1="1" ind2=" ">
      <subfield code="a">Wolffersdorff, Sigismund &#152;von&#156;</subfield>
      <subfield code="d">1588-1651</subfield>
    </datafield>
    <datafield tag="400" ind1="1" ind2=" ">
      <subfield code="a">Wolffersdorf, Sigismund &#152;von&#156;</subfield>
      <subfield code="d">1588-1651</subfield>
    </datafield>
    <datafield tag="400" ind1="1" ind2=" ">
      <subfield code="a">Wolfersdorff, Sigismund &#152;von&#156;</subfield>
      <subfield code="d">1588-1651</subfield>
    </datafield>
    <datafield tag="400" ind1="1" ind2=" ">
      <subfield code="a">Wolfersdorf, Sigismund &#152;von&#156;</subfield>
      <subfield code="d">1588-1651</subfield>
    </datafield>
    <datafield tag="400" ind1="1" ind2=" ">
      <subfield code="a">Wolffersdorff, Siegmund &#152;von&#156;</subfield>
      <subfield code="d">1588-1651</subfield>
    </datafield>
    <datafield tag="400" ind1="1" ind2=" ">
      <subfield code="a">Wolffersdorf, Siegmund &#152;von&#156;</subfield>
      <subfield code="d">1588-1651</subfield>
    </datafield>
    <datafield tag="400" ind1="1" ind2=" ">
      <subfield code="a">Wolfersdorff, Siegmund &#152;von&#156;</subfield>
      <subfield code="d">1588-1651</subfield>
    </datafield>
    <datafield tag="400" ind1="1" ind2=" ">
      <subfield code="a">Wolfersdorf, Siegmund &#152;von&#156;</subfield>
      <subfield code="d">1588-1651</subfield>
    </datafield>
    <datafield tag="400" ind1="1" ind2=" ">
      <subfield code="a">Wolfferßdorff, Sigmundt &#152;von&#156;</subfield>
      <subfield code="d">1588-1651</subfield>
    </datafield>
    <datafield tag="400" ind1="1" ind2=" ">
      <subfield code="a">Wolffersdorff, Siegmundt &#152;von&#156;</subfield>
      <subfield code="d">1588-1651</subfield>
    </datafield>
    <datafield tag="400" ind1="1" ind2=" ">
      <subfield code="a">Wolfersdorff, Sigismundus &#152;de&#156;</subfield>
      <subfield code="d">1588-1651</subfield>
    </datafield>
    <datafield tag="548" ind1=" " ind2=" ">
      <subfield code="a">1588-1651</subfield>
      <subfield code="4">datl</subfield>
      <subfield code="4">https://d-nb.info/standards/elementset/gnd#dateOfBirthAndDeath</subfield>
      <subfield code="w">r</subfield>
      <subfield code="i">Lebensdaten</subfield>
    </datafield>
    <datafield tag="667" ind1=" " ind2=" ">
      <subfield code="a">VD-17</subfield>
    </datafield>
    <datafield tag="672" ind1=" " ind2="0">
      <subfield code="a">Hutten, Johann Georg: Vera Sapientia docens 1. Tristem Piorum in hoc mundo statum ... - 1652</subfield>
    </datafield>
    <datafield tag="913" ind1=" " ind2=" ">
      <subfield code="S">pnd</subfield>
      <subfield code="i">a</subfield>
      <subfield code="a">Wolffersdorff, Sigmund /von</subfield>
      <subfield code="0">(DE-588a)12048000X</subfield>
    </datafield>
  </record>
